<record xmlns="http://www.loc.gov/MARC21/slim" xmlns:xsi="http://www.w3.org/2001/XMLSchema-instance" xsi:schemaLocation="http://www.loc.gov/MARC21/slim http://www.loc.gov/standards/marcxml/schema/MARC21slim.xsd"><leader>01535nam a2200325   4500</leader><controlfield tag="001">001685574</controlfield><controlfield tag="003">NNU</controlfield><controlfield tag="006">m        d        </controlfield><controlfield tag="007">cr cn |||m|||a</controlfield><controlfield tag="008">140707s1965    iq      ob    000 0dararc</controlfield><datafield ind1=" " ind2=" " tag="040"><subfield code="a">NNU</subfield><subfield code="b">eng</subfield><subfield code="c">NNU</subfield></datafield><datafield ind1=" " ind2=" " tag="066"><subfield code="c">(3</subfield></datafield><datafield ind1="1" ind2=" " tag="100"><subfield code="6">880-01</subfield><subfield code="a">Najm, Wad&#299;&#699;ah &#7788;&#257;h&#257;</subfield></datafield><datafield ind1="1" ind2="3" tag="245"><subfield code="6">880-02</subfield><subfield code="a">al-J&#257;&#7717;i&#7827; wa-al-&#7717;&#257;&#7693;irah al-&#699;Abb&#257;s&#299;yah</subfield><subfield code="h">[electronic resource] /</subfield><subfield code="c">Wad&#299;&#699;ah &#7788;&#257;h&#257; al-Najm.</subfield></datafield><datafield ind1="1" ind2="4" tag="246"><subfield code="a">Jahiz and Abbasid city life</subfield></datafield><datafield ind1=" " ind2=" " tag="260"><subfield code="6">880-03</subfield><subfield code="a">Baghd&#257;d :</subfield><subfield code="b">Ma&#7789;ba&#699;at al-Irsh&#257;d,</subfield><subfield code="c">1965.</subfield></datafield><datafield ind1=" " ind2=" " tag="300"><subfield code="a">online resource (14, 240 p.)</subfield></datafield><datafield ind1=" " ind2=" " tag="500"><subfield code="a">Cover title: al-Jahiz and Abbasid city life [by] Wadia T. Najim.</subfield></datafield><datafield ind1=" " ind2=" " tag="500"><subfield code="a">Part of the Arabic Collections Online (ACO) project, contributed by New York Univeristy Libraries.</subfield></datafield><datafield ind1=" " ind2=" " tag="504"><subfield code="a">Includes bibliographical references (p. 226-240)</subfield></datafield><datafield ind1=" " ind2=" " tag="533"><subfield code="a">Electronic reproduction.</subfield><subfield code="b">New York, N.Y. :</subfield><subfield code="c">New York University,</subfield><subfield code="d">2014.</subfield><subfield code="5">NNU</subfield></datafield><datafield ind1="0" ind2="0" tag="600"><subfield code="a">J&#257;&#7717;i&#7827;,</subfield><subfield code="d">d. 868 or 9.</subfield></datafield><datafield ind1="2" ind2=" " tag="710"><subfield code="a">New York University.</subfield><subfield code="b">Libraries.</subfield></datafield><datafield ind1="0" ind2=" " tag="730"><subfield code="a">Arabic Collections Online.</subfield></datafield><datafield ind1="0" ind2="8" tag="776"><subfield code="i">Print version:</subfield><subfield code="a">Najm, Wad&#299;&#699;ah &#7788;&#257;h&#257; 880-01</subfield><subfield code="t">al-J&#257;&#7717;i&#7827; wa-al-&#7717;&#257;&#7693;irah al-&#699;Abb&#257;s&#299;yah</subfield><subfield code="w">(NNU)001685574</subfield><subfield code="w">(DLC)ne 66000219</subfield></datafield><datafield ind1="4" ind2="0" tag="856"><subfield code="u">http://hdl.handle.net/2333.1/s1rn8rft</subfield></datafield><datafield ind1="1" ind2=" " tag="880"><subfield code="6">100-01/</subfield><subfield code="a">&#1606;&#1580;&#1605;&#1548; &#1608;&#1583;&#1610;&#1593;&#1577; &#1591;&#1607;.</subfield></datafield><datafield ind1="1" ind2="2" tag="880"><subfield code="6">245-02/</subfield><subfield code="a">&#1575;&#1604;&#1580;&#1575;&#1581;&#1592; &#1608;&#1575;&#1604;&#1581;&#1575;&#1590;&#1585;&#1577; &#1575;&#1604;&#1593;&#1576;&#1575;&#1587;&#1610;&#1577; /</subfield><subfield code="c">&#1608;&#1583;&#1610;&#1593;&#1577; &#1591;&#1607; &#1575;&#1604;&#1606;&#1580;&#1605;.</subfield></datafield><datafield ind1=" " ind2=" " tag="880"><subfield code="6">260-03/</subfield><subfield code="a">&#1576;&#1594;&#1583;&#1575;&#1583; :</subfield><subfield code="b">&#1605;&#1591;&#1576;&#1593;&#1577; &#1575;&#1604;&#1573;&#1585;&#1588;&#1575;&#1583;&#1548;</subfield><subfield code="c">[1965.</subfield></datafield><datafield ind1=" " ind2=" " tag="959"><subfield code="a">NNU</subfield><subfield code="b">WEB</subfield><subfield code="c">GENI</subfield><subfield code="t">0</subfield><subfield code="m">Electronic access</subfield><subfield code="s">01</subfield></datafield></record>